@article{fishburn68,
 ISSN = {00251909, 15265501},
 URL = {http://www.jstor.org/stable/2628674},
 author = {Peter C. Fishburn},
 journal = {Management Science},
 number = {5},
 pages = {335--378},
 publisher = {INFORMS},
 title = {Utility Theory},
 volume = {14},
 year = {1968}
},
@misc{mozaffar20, author={Yaseen Mozaffar}, Title = {Value-Adjusted 
Decision-Making: A Unified Utility Theory for Both Sides of a Market}, 
year= {2020}
},
@article{glasgow_2001, title={Stretching the Limits of Intellectual 
Property Rights: Has the Pharmaceutical Industry Gone Too Far?}, 
volume={41}, number={2}, journal={IDEA - The Journal of Law and 
Technology}, author={Glasgow, Lara J}, year={2001}, pages={227}
},
@article{rand02, title={The Elasticity of Demand for Health Care. A 
Review of the Literature and its Application to the Military Health 
System}, year={2005},journal={The Elasticity of Demand for Health Care. 
A Review of the Literature and its Application to the Military Health 
System}, publisher={National Defense Research Institute}, 
author={Ringel, Jeanne and Hosek, Susan and Vollard, Ben and Mahnovski, 
Sergej}}, @article{rende_2019, title={Pharmaceutical Price Gouging: The 
Need for Direct Regulation of the Gray Market}, volume={32}, number={3}, 
journal={Journal of Civil Rights and Economic Development}, 
author={Rende, Nicole}, year={2019}, pages={369–405}}, @misc{pha11, 
author={Cherici, Coleen and McGinnis, Patrick and Russell, Wayne}, 
title={Buyer Beware: Drug Shortages and the Gray Market}, publisher = 
{Premier Health Alliance}, year = {2011}
},
@article{wilper09, author = {Wilper, Andrew P. and Woolhandler, Steffie 
and Lasser, Karen E. and McCormick, Danny and Bor, David H. and 
Himmelstein, David U.}, title = {Health Insurance and Mortality in US 
Adults}, journal = {American Journal of Public Health}, volume = {99}, 
number = {12}, pages = {2289-2295}, year = {2009}, doi = 
{10.2105/AJPH.2008.157685},
    note ={PMID: 19762659}, URL = 
{https://doi.org/10.2105/AJPH.2008.157685},
},
@misc{wac20, title={Prescription Drug Wholesale Aquisition Cost (WAC) 
Increases}, 
url={https://data.chhs.ca.gov/dataset/prescription-drug-wholesale-acquisition-cost-wac-increases}, 
journal={California Health and Human Services Open Data Portal}, 
publisher={Office of Statewide Health Planning and Development}, 
year={2020}, month={Apr}}, @misc{goodrx, title={Prescription Prices, 
Coupons & Pharmacy Information}, url={https://www.goodrx.com/}, 
journal={GoodRx}, year={2020}}, @article{cod18, title={Global, regional, 
and national age-sex-specific mortality for 282 causes of death in 195 
countries and territories, 1980–2017: a systematic analysis for the 
Global Burden of Disease Study 2017}, volume={392}, 
DOI={https://doi.org/10.1016/S0140-6736(18)32203-7}, number={10159}, 
journal={The Lancet}, author={Cause of Death Collaborators, GBD 2017}, 
year={2018}, month={Nov}}, @misc{trials, title={Clinical Study 
Database}, url={https://clinicaltrials.gov/}, journal={Clinical Trials}, 
publisher={United States Libarary of Medicine}, year=2020},
@misc{cdc20, title={CDC - NCHS - National Center for Health Statistics}, url={https://www.cdc.gov/nchs/index.htm}, journal={Centers for Disease Control and Prevention}, publisher={Centers for Disease Control and Prevention}, year={2020}, month={May}}
